<?xml version="1.0" encoding="UTF-8"?><collection xmlns="http://www.loc.gov/MARC21/slim"><record><leader>00438nam--2200145-i-4500</leader><controlfield tag="001">000009346</controlfield><controlfield tag="002">20161230</controlfield><controlfield tag="005">20161230201028</controlfield><controlfield tag="008">060222s1000------------r-----000-0-eng-d</controlfield><datafield ind1=" " ind2=" " tag="080"><subfield code="a">512.83:62.52</subfield></datafield><datafield ind1=" " ind2=" " tag="100"><subfield code="a">Bromberg, P.V</subfield></datafield><datafield ind1=" " ind2=" " tag="245"><subfield code="a">Matrix analysis of discontinuous control syste ms. edited by j.o.flower</subfield></datafield><datafield ind1=" " ind2=" " tag="260"><subfield code="a">London, Macdonald Technical &amp; Scientific, 1969 X + 265 P</subfield></datafield><datafield ind1=" " ind2=" " tag="852"><subfield code="a">33082</subfield><subfield code="c">512.381</subfield></datafield><datafield ind1=" " ind2=" " tag="CAT"><subfield code="a">Sys</subfield><subfield code="c">20080522</subfield><subfield code="h">122528</subfield></datafield></record></collection>